% Bilderbücher
%
@book{
carle1:eric,
keywords = {Bilder, Kinder},
author = {Carle, Eric},
title = {Die kleine Raube Nimmersatt},
year = {2019},
publisher = {Gerstenberg},
}



@book{
carle2:eric,
keywords = {Bilder, Kinder},
author = {Carle, Eric},
title = {Die kleine Maus sucht einen Freund},
year = {2020},
publisher = {Gerstenberg},
}


% Vorschule
%
@book{
holzwarth1:ulrike,
keywords = {Vorschule},
author = {Holzwarth-Raether, Ulrike},
title = {Rechnen und Schreiben},
year = {2020},
publisher = {Duden},
}

@book{
holzwarth2:ulrike,
keywords = {Vorschule},
author = {Holzwarth-Raether, Ulrike},
title = {Schulstart},
year = {2013},
publisher = {Duden},
}


% Schulbücher
%
@book{
becker:frank,
keywords = {Schule, Mathematik},
author = {Becker, Frank},
title = {Mathematik, Grundwissen, 5. - 10. Klasse},
year = {2018},
publisher = {Cornelson},
}

@book{
bienioscheck:horst,
keywords = {Schule, Physik},
author = {Bienioscheck, Horst},
title = {Physik, 5. - 10. Klasse},
year = {2013},
publisher = {Duden},
}

@book{
boehm:hannah,
keywords = {Schule, Deutsch},
author = {Böhm, Hannah},
title = {Geschichten erzählen, 4. Klasse},
year = {2018},
publisher = {Cornelson},
}

@book{
Boehmer:peter,
keywords = {Schule, Mathematik},
author = {Böhmer, Peter},
title = {Mathematik, 5. Klasse},
year = {2009},
publisher = {Klett},
}

@book{
borchers:juergen,
keywords = {Schule, Mathematik},
author = {Borchers, Jürgen},
title = {Mathematik, Aufgabensammlung, 6. Klasse},
year = {2020},
publisher = {Wesertermann},
}

@book{
broemel:floreen,
keywords = {Schule, Deutsch},
author = {Brömel, Floreen},
title = {Texte schreiben, 5., 6. Klasse},
year = {2020},
publisher = {Cornelson},
}

@book{
buschmeier:gudrun,
keywords = {Schule, Mathematik},
author = {Buschmeier, Gudrun},
title = {Rechnen und Denken, , 1., 2. Klasse},
year = {2020},
publisher = {Wesertermann},
}



@book{
gigl:claus,
keywords = {Schule, Deutsch},
author = {Gigl, Claus},
title = {Texte schreiben, 5., 6. Klasse},
year = {2020},
publisher = {Kett},
}




@book{
herrmann:bea,
keywords = {Schule, Deutsch},
author = {Herrmann, Bea},
title = {Sachtexte schreiben, 3. Klasse},
year = {2018},
publisher = {Cornelson},
}

@book{
hody:sybille,
keywords = {Schule, Mathematik},
author = {Hody, Sybille},
title = {Mathematik, 5. Klasse},
year = {2013},
publisher = {Cornelson},
}

@book{
meyer:lothar,
keywords = {Schule, Physik},
author = {Meyer, Lothar},
title = {Physik, 5. - 10. Klasse},
year = {2017},
publisher = {Duden},
}

@book{
simon:nina,
keywords = {Schule, Mathematik},

author = {Simon, Nina und Hendrik},

title = {Mathematik, 1. Klasse},
year = {2021},
publisher = {Mildenberger},
}

@book{
schmid:walter,
keywords = {Schule, Mathematik},
author = {Schmid, Walter},
title = {Mathematik, 10. Klasse},
year = {2013},
publisher = {Stark},
}

@book{
schmidt:eva,
keywords = {Schule, Deutsch},
author = {Schmidt, Eva-Maria},
title = {Frühling, 1., 1. Klasse},
year = {2021},
publisher = {Kempen},
}

@book{
stehr:sabine,
keywords = {Schule, Deutsch},
author = {Stehr, Sabine},
title = {Lesen, 1. Klasse},
year = {2020},
publisher = {Mildenberger},
}

@book{
straepeler:tanja,
keywords = {Schule, Deutsch},
author = {Sträpeler-Rencker, Tanja},
title = {Texte erschließen, 5., 6. Klasse},
year = {2020},
publisher = {Cornelson},
}

% Evolution
%
@book{
glaubrecht:matthias,
keywords = {Evolution},
author = {Glaubrecht, Matthias},
title = {Charles Darwin},
year = {2009},
publisher = {Herder},
}
