@book{
Xaristotle1:physics1,
keywords = {X},
author = {Aristotle-1},
title = {Physics},
year = {1929},
publisher = {G. P. Putnam},

}
