@book{
Yaristotle2:physics2,
keywords = {Y},
author = {Aristotle-2},
title = {Physics},
year = {1929},
publisher = {G. P. Putnam},
}
